@Book{MASSALSKI,
	author = {Massalski Jerzy},
	title = {Fizyka dla inżynierów, część II},
	publisher = {WNT},
	year = {wydanie 4},
}

@Article{IDart,
	author = {Iosif Wissarionowicz Dżugaszwili},
	title = {Przewodnik po łagrach},
	journal = {Tam i z powrotem},
	year = {1936},
	number = {666},
}

@Manual{IDIns,
	title = {Instrukcja użytkownika},
	organization = {Mały-Miękki},
}
 
@misc{maldives,
 	author = {Ingo Lütkebohle},
 	title = {{BWorld Robot Control Software}},
 	howpublished = "\url{http://aiweb.techfak.uni-bielefeld.de/content/bworld-robot-control-software/}",
 	year = {2008}, 
 	note = "[Onlinefttttt; accessed 19-July-2008]"
}

@TechReport{IDT,
	author = {Lejba Dawidowicz Bronsztejn},
	title = {Permanentna rewolucja},
	institution = {Uniwersytet Sowicki},
	year = {1910},
}
 
